<?xml version="1.0" encoding="UTF-8"?><record xmlns="http://www.loc.gov/MARC21/slim" xmlns:cinclude="http://apache.org/cocoon/include/1.0" xmlns:zs="http://www.loc.gov/zing/srw/">
  <leader>00521nz  a2200145n  4500</leader>
  <controlfield tag="001">nb2010029122</controlfield>
  <controlfield tag="003">DLC</controlfield>
  <controlfield tag="005">20101104075153.0</controlfield>
  <controlfield tag="008">101102n| acannaabn          |a aaa      </controlfield>
  <datafield tag="010" ind1=" " ind2=" ">
    <subfield code="a">nb2010029122</subfield>
  </datafield>
  <datafield tag="035" ind1=" " ind2=" ">
    <subfield code="a">(Uk)007964985</subfield>
  </datafield>
  <datafield tag="040" ind1=" " ind2=" ">
    <subfield code="a">Uk</subfield>
    <subfield code="b">eng</subfield>
    <subfield code="c">Uk</subfield>
  </datafield>
  <datafield tag="100" ind1="1" ind2=" ">
    <subfield code="a">Aitchison, Jimmy,</subfield>
    <subfield code="d">1920-1994</subfield>
  </datafield>
  <datafield tag="400" ind1="1" ind2=" ">
    <subfield code="a">Aitchison, James,</subfield>
    <subfield code="d">1920-1994</subfield>
  </datafield>
  <datafield tag="670" ind1=" " ind2=" ">
    <subfield code="a">Two stalwart Scottish cricketers, c2008:</subfield>
    <subfield code="b">t.p. (Jimmy Aitchison) p.7 (Jimmy Aitchison, James Aitchisoon, born 26 May 1920, Kilmarnock, Ayrshire) p.10 (died 13 Feb. 1994, Glasgow)</subfield>
  </datafield>
</record>